@thesis{flett,
	author = {Nicole Ku'ulei-lani Flett},
	title = {The Implementation of Optical Flow in Neural Networks},
	type = {Bachelor's Thesis},
	institution = {Harvard College},
	date = {2018},
}
@online{roth,
	author = {Junhwa Hur and Stefan Roth},
	title = {Optical Flow Estimation in the Deep Learning Age},
	date = {2020},
	url = {https://arxiv.org/abs/2004.02853},
}
@online{fischer,
	author = {Philipp Fischer and Alexey Dosovitskiy and Eddy Ilg and Philip Häusser and Caner Hazırbaş and Vladimir Golkov and Patrick van der Smagt and Daniel Cremers and Thomas Brox},
	title = {FlowNet: Learning Optical Flow with Convolutional Networks},
	date = {2015},
	url = {https://arxiv.org/abs/1504.06852},
}
@online{brownlee,
	author = {Jason Brownlee},
	title = {How to Control the Stability of Training Neural Networks With the Batch Size},
	date = {2019},
	url = {http://openaccess.thecvf.com/content\_cvpr\_2018/html/Sun\_Optical\_
		Flow\_Guided\_CVPR\_2018\_paper.html},
}
@book{bouguet,
	author = {Jean-Yves Bouguet},
	title = {Pyramidal Implementation of the Lucas Kanade Feature Tracker Description of the algorithm},
	date = {1999},
}
@book{jong,
	author = {D, Jong and Federico Paredes-Vallés and Guido Croon},
	title = {How Do Neural Networks Estimate Optical Flow? A Neuropsychology-Inspired Study},
	date = {2020},
}
@article{features,
    author={Jianbo Shi and Carlo Tomasi},
    title={Good Features to Track},
    journal={IEEE Conference on Computer Vision and Pattern Recognition},
    year=1994
}